% This file was created with JabRef 2.7.2.
% Encoding: Cp1252

@CONFERENCE{Andre2006,
  author = {Andre, T., De Schryver and B., Francaux and M., Sente, P. and Eugane,
	C.},
  title = {Conception of a low-cost recorder for the heart rate variability
	study in the athlete},
  booktitle = {XVII Imeko World Congress ; Metrology for a Sustainable Development,
	September, 17 ; 22, Rio de Janeiro, Brazil},
  year = {2006}
}

@BOOK{Bradski2008,
  title = {Learning OpenCV: Computer Vision with the OpenCV Library},
  publisher = {O'Reilly Media},
  year = {2008},
  author = {Gary Bradski and Adrian Kaehler},
  edition = {1st}
}

@ARTICLE{Budgett1998,
  author = {Budgett, R},
  title = {Fatigue and underperformance in athletes: the overtraining syndrome.},
  journal = {British journal of sports medicine},
  year = {1998},
  volume = {32},
  pages = {107-10}
}

@ARTICLE{Cheng95,
  author = {Yizong Cheng},
  title = {Mean shift, mode seeking, and clustering},
  journal = {IEEE Trans Pattern Anal Machine Intell},
  year = {1995},
  volume = {17},
  pages = {790-799},
  number = {8}
}

@ARTICLE{Comaniciu02,
  author = {Comaniciu, D. and Meer, P.},
  title = {Mean shift: a robust approach toward feature space analysis},
  journal = {IEEE Transactions on Pattern Analysis and Machine Intelligence},
  year = {2002},
  volume = {24},
  pages = {603-619},
  number = {5},
  publisher = {IEEE Computer Society}
}

@ARTICLE{Standards1996a,
  author = {ESC and NASPE},
  title = {Heart rate variability: standards of measurement, physiological interpretation
	and clinical use. Task Force of the European Society of Cardiology
	and the North American Society of Pacing and Electrophysiology.},
  journal = {Circulation},
  year = {1996},
  volume = {93},
  pages = {1043-1065}
}

@ARTICLE{Fukunaga75,
  author = {Fukunaga, K. and Hostetler, L.},
  title = {The estimation of the gradient of a density function, with applications
	in pattern recognition},
  year = {1975},
  volume = {21},
  pages = {32 - 40},
  number = {1},
  month = jan,
  booktitle = {IEEE Transactions on Information Theory},
  publisher = {IEEE}
}

@BOOK{Harris01,
  title = {A Primer of Multivariate Statistics},
  publisher = {Lawrence Erlbaum},
  year = {2001},
  author = {Harris, Richard J.},
  edition = {3}
}

@MISC{Ji2004,
  author = {Ji, Qiang Ji Qiang and Zhu, Zhiwei Zhu Zhiwei and Lan, P},
  title = {Real-time nonintrusive monitoring and prediction of driver fatigue},
  year = {2004},
  booktitle = {IEEE Transactions on Vehicular Technology},
  issn = {00189545},
  number = {4},
  pages = {1052-1068},
  publisher = {IEEE},
  volume = {53}
}

@ARTICLE{Luft2009,
  author = {Luft, Caroline Di Bernardi ;Takase, Emílio ; Darby, David},
  title = {Heart rate variability and cognitive function: Effects of physical
	effort},
  journal = {Biological Psychology},
  year = {2009},
  volume = {82},
  pages = {186-191},
  number = {2},
  issn = {0301-0511}
}

@ARTICLE{McKinley2011,
  author = {McKinley, R. a. and McIntire, L. K. and Schmidt, R. and Repperger,
	D. W. and Caldwell, J. a.},
  title = {Evaluation of Eye Metrics as a Detector of Fatigue},
  journal = {Human Factors: The Journal of the Human Factors and Ergonomics Society},
  year = {2011},
  volume = {53},
  pages = {403-414}
}

@ARTICLE{Niskanen2004,
  author = {Juha-Pekka Niskanen and Mika P Tarvainen and Perttu O Ranta-Aho and
	Pasi A Karjalainen},
  title = {Software for advanced HRV analysis.},
  journal = {Comput Methods Programs Biomed},
  year = {2004},
  volume = {76},
  pages = {73-81}
}

@INPROCEEDINGS{Noor2009,
  author = {Noor, Helmi Adly Mohd. and Ibrahim, Rosziati},
  title = {Image Processing Using Eyelid Blinking and Mouth Yawning to Measure
	Human's Fatigue Level},
  booktitle = {Proceedings of the 2009 Third Asia International Conference on Modelling
	and Simulation},
  year = {2009},
  pages = {326-331},
  publisher = {IEEE Computer Society}
}

@ARTICLE{Rohlfs2008,
  author = {Rohlfs, Izabel Cristina Provenza de Miranda AND Rotta, Tatiana Marcela
	AND Luft, Caroline Di Bernardi AND Andrade, Alexandro AND Krebs,
	Ruy Jornada AND Carvalho, Tales de},
  title = {A Escala de Humor de Brunel (Brums): instrumento para detecção
	precoce da síndrome do excesso de treinamento},
  journal = {Revista Brasileira de Medicina do Esporte},
  year = {2008},
  volume = {14},
  pages = {176-181},
  month = {06},
  issn = {1517-8692}
}

@ARTICLE{Schubert2009,
  author = {Schubert, C. and Lambertz, M. and Nelesen, R.a. and Bardwell, W.
	and Choi, J.-B. and Dimsdale, J.E.},
  title = {Effects of stress on heart rate complexity: A comparison between
	short-term and chronic stress},
  journal = {Biological Psychology},
  year = {2009},
  volume = {80},
  pages = {325-332},
  number = {3}
}

@INCOLLECTION{Sydenham2000,
  author = {Peter H. Sydenham},
  title = {Static and Dynamic Characteristics of Instrumentation},
  year = {2000}
}

@ARTICLE{Thayer2009,
  author = {Thayer, Julian F. and Lane, Richard D.},
  title = {Claude Bernard and the heart and brain connection: Further elaboration
	of a model of neurovisceral integration},
  journal = {Neuroscience e Biobehavioral Reviews},
  year = {2009},
  volume = {33},
  pages = {81-88},
  number = {2}
}

@ARTICLE{Thayer2000,
  author = {Thayer, Julian F. and Lane, Richard D.},
  title = {A model of neurovisceral integration in emotion regulation and dysregulation},
  journal = {Journal of Affective Disorders},
  year = {2000},
  volume = {61},
  pages = {201-216},
  number = {3},
  keywords = {Neurovisceral integration}
}

@MISC{nexus2012,
  author = {www.mindmedia.nl},
  title = {Mind Media BV},
  year = {2012}
}

@MISC{polar2012,
  author = {www.polar.fi/en},
  title = {Polar},
  year = {2012}
}

@MISC{smarteye2012,
  author = {www.smarteye.se},
  title = {Smarteye},
  year = {2012}
}

@ARTICLE{Zhu2004,
  author = {Zhu, Zhiwei},
  title = {Real time and non-intrusive driver fatigue monitoring},
  journal = {Systems Engineering},
  year = {2004},
  pages = {657-662},
  publisher = {Ieee}
}

